<?xml version="1.0" encoding="UTF-8"?><collection xmlns="http://www.loc.gov/MARC21/slim"><record><leader>00399nam--2200145-i-4500</leader><controlfield tag="001">000024214</controlfield><controlfield tag="002">20161230</controlfield><controlfield tag="005">20161230201035</controlfield><controlfield tag="008">060222s1000------------r-----000-0-eng-d</controlfield><datafield ind1=" " ind2=" " tag="100"><subfield code="a">Greub, Werner</subfield></datafield><datafield ind1=" " ind2=" " tag="245"><subfield code="a">Connections, Curvature, and Cohomology</subfield></datafield><datafield ind1=" " ind2=" " tag="260"><subfield code="a">New York</subfield><subfield code="b">Academic Press</subfield><subfield code="c">1976</subfield></datafield><datafield ind1=" " ind2=" " tag="300"><subfield code="a">593 p</subfield></datafield><datafield ind1=" " ind2=" " tag="490"><subfield code="a">Pure and Applied Mathematics</subfield><subfield code="v">vol. 47-III</subfield></datafield><datafield ind1=" " ind2=" " tag="CAT"><subfield code="a">Sys</subfield><subfield code="c">20080401</subfield><subfield code="h">135442</subfield></datafield></record></collection>